@inproceedings{williams2017time,
  title={A Time-Line Approach for the Generation of Simulated Settlements},
  author={Williams, Benjamin and Headleand, Christopher J},
  booktitle={2017 International Conference on Cyberworlds (CW)},
  pages={134--141},
  year={2017},
  organization={IEEE}
}

@inproceedings{williams2016modular,
  title={Modular Games AI Benchmark},
  author={Williams, Benjamin and Jackson, James and Hall, Jason and Headleand, Christopher},
  booktitle={Second International Symposium on Artificial Life and Intelligent Agents (ALIA)},
  year={2016}
}