@article{beringer2012review,
  title={Review of particle physics},
  author={Beringer, Juerg and Arguin, JF and Barnett, RM and Copic, K and Dahl, O and Groom, DE and Lin, CJ and Lys, J and Murayama, H and Wohl, CG and others},
  journal={Physical Review D-Particles, Fields, Gravitation and Cosmology},
  volume={86},
  number={1},
  pages={010001},
  year={2012}
}